<?xml version="1.0" encoding="UTF-8"?><collection xmlns="http://www.loc.gov/MARC21/slim"><record><leader>00586nam--2200241-u-4500</leader><controlfield tag="001">000050342</controlfield><controlfield tag="002">20161230</controlfield><controlfield tag="003">81639</controlfield><controlfield tag="005">20170108233154</controlfield><controlfield tag="008">070111s1000------------r-----000-0-eng-d</controlfield><datafield ind1=" " ind2=" " tag="020"><subfield code="a">0-7923-6471-6</subfield></datafield><datafield ind1=" " ind2=" " tag="040"><subfield code="a">IFIN-HH</subfield></datafield><datafield ind1=" " ind2=" " tag="041"><subfield code="a">eng</subfield></datafield><datafield ind1=" " ind2=" " tag="080"><subfield code="a">530.14</subfield></datafield><datafield ind1="1" ind2=" " tag="100"><subfield code="a">Dvurecenskij, Anatolij</subfield></datafield><datafield ind1="1" ind2="0" tag="245"><subfield code="a">New Trends in Quantum Structure</subfield></datafield><datafield ind1=" " ind2=" " tag="260"><subfield code="a">Bratislava</subfield><subfield code="b">Inter Science</subfield><subfield code="c">200?</subfield></datafield><datafield ind1=" " ind2=" " tag="300"><subfield code="a">541 p</subfield></datafield><datafield ind1=" " ind2=" " tag="490"><subfield code="a">Vol.516</subfield></datafield><datafield ind1=" " ind2="4" tag="650"><subfield code="a">BCK-algebras in Applications</subfield></datafield><datafield ind1=" " ind2=" " tag="700"><subfield code="a">Pulmannova, Sylvia</subfield></datafield><datafield ind1=" " ind2=" " tag="852"><subfield code="c">530.14</subfield></datafield><datafield ind1=" " ind2=" " tag="CAT"><subfield code="a">SYS</subfield><subfield code="c">20170108</subfield><subfield code="h">233154</subfield></datafield></record></collection>